%  priklad uvadzania literatury pre FEIstyle.bst
%  naformatovane vstupy: book

@ONLINE{morf,
	author = {Mahrík, Tomáš},
	title = {Detekce objejktu v zornem poli kamery},
	year = {03-05-2017},
	url = {http://www.slideshare.net/TomMahrk/mahrik-44341049},
},
@book{anonlib,
	author = {PRATA, Stephen},
	title = {Mistrovství v C++},
	note = {ISBN: 008021680},
	editor = {[prekl.] Vozák David, Beroun Libor, Dokoupil Petr, Ptá?ek Lubomír Sokol Boris},
	edition = {3},
	publisher = {Praha : Computer Press, 2007},
	year = 1997,
	pages = {s. 1119},
},
@online{cascade,
	author = {Paul, Viola and Michael, Jones},
	title = {Rapid Object Detection using a Boosted Cascade of Simple Features},
	date = {2001},
	url = {https://www.cs.cmu.edu/~efros/courses/LBMV07/Papers/viola-cvpr-01.pdf},
},
@online{scikit,
	author = {Sci-kit},
	title = {Histogram of Oriented Gradients},
	date = {2017},
	url = {http://scikit-image.org/docs/dev/auto_examples/features_detection/plot_hog.html#sphx-glr-auto-examples-features-detection-plot-hog-py},
},
@online{conv,
	author = {CS231n},
	title = {Convolutional Neural Networks for Visual Recognition},
	date = {2017-05-04},
	url = {http://cs231n.github.io/neural-networks-1/},
},
@online{haar,
	author = {OpenCV},
	title = {Cascade Classification},
	date = {2017-05-04},
	url = {http://docs.opencv.org/2.4/modules/objdetect/doc/cascade_classification.html},
},
@online{haarImage,
	author = {Greg Borenstein},
	title = {Haar Cascade Frontal Face},
	date = {2012-03-30},
	url = {https://www.flickr.com/photos/unavoidablegrain/6884354772},
},
@book{transform,
	author = {Iveta, Gladišová and Ján, Mihalík},
	title = {Aplikácia vybraných morfologických transformácii na spracovanie obrazu},
	date = {2013},
	isbn = {978-80-553-1440-2}
},
@online{transform2,
	author = {FMFI UK Bratislava},
	title = {Morfologicke transformacie},
	date = {2006},
	url = {http://dip.sccg.sk/matmorf/morf.htm},
},
@online{rpi,
	author = {RaspberryPi},
	title = {Raspberry Pi 3 Specs Benchmarks},
	date = {2016},
	url = {https://www.raspberrypi.org/magpi/raspberry-pi-3-specs-benchmarks/},
},
@online{opencv,
	author = {OpenCV},
	title = {OpenCV 3.2},
	date = {2016-12-23},
	url = {http://opencv.org/opencv-3-2.html},
},
@online{docker,
	author = {Docker},
	title = {What is Docker},
	date = {2017},
	url = {https://www.docker.com/what-docker},
},
@online{dockerCompose,
	author = {Docker},
	title = {Docker-Compose},
	date = {2017},
	url = {https://docs.docker.com/compose/overview/},
},
@online{rabbit,
	author = {RabbitMQ},
	title = {RabbitMQ Features},
	date = {2017},
	url = {https://www.rabbitmq.com/#features},
},
@online{redis,
	author = {Redis},
	title = {Redis Main Page},
	date = {2017},
	url = {https://redis.io/},
},
@online{postgres,
	author = {Postgres},
	title = {Postgres About},
	date = {2017},
	url = {https://www.postgresql.org/about/},
},
@online{iou,
	author = {PyImageSearch},
	title = {Intersection over Union (IoU) for object detection},
	date = {2016-07-12},
	url = {http://www.pyimagesearch.com/2016/11/07/intersection-over-union-iou-for-object-detection/},
},
@online{hist,
	author = {OpenCV},
	title = {Histograms - 2: Histogram Equalization},
	date = {2017},
	url = {http://docs.opencv.org/3.2.0/d5/daf/tutorial_py_histogram_equalization.html},
},
@online{suppression,
	author = {PyImageSearch},
	title = {(Faster) Non-Maximum Suppression in Python},
	date = {2015-02-16},
	url = {www.pyimagesearch.com/2015/02/16/faster-non-maximum-suppression-python/},
},
@online{morfOpenCV,
	author = {OpenCV},
	title = {Morphological Transformations},
	date = {2017},
	url = {http://docs.opencv.org/trunk/d9/d61/tutorial_py_morphological_ops.html},
},
@online{contours,
	author = {OpenCV},
	title = {Contours: Getting Started},
	date = {2017},
	url = {http://docs.opencv.org/trunk/d4/d73/tutorial_py_contours_begin.html},
},
@online{thresh,
	author = {OpenCV},
	title = {Image Thresholding},
	date = {2017},
	url = {http://docs.opencv.org/3.2.0/d7/d4d/tutorial_py_thresholding.html},
},
@article{clahe,
	title={Realization of the contrast limited adaptive histogram equalization (CLAHE) for real-time image enhancement},
	author={Reza, Ali M},
	journal={The Journal of VLSI Signal Processing},
	volume={38},
	number={1},
	pages={35--44},
	year={2004},
	publisher={Springer}
},
@article{pizer1987adaptive,
	title={Adaptive histogram equalization and its variations},
	author={Pizer, Stephen M and Amburn, E Philip and Austin, John D and Cromartie, Robert and Geselowitz, Ari and Greer, Trey and ter Haar Romeny, Bart and Zimmerman, John B and Zuiderveld, Karel},
	journal={Computer vision, graphics, and image processing},
	volume={39},
	number={3},
	pages={355--368},
	year={1987},
	publisher={Elsevier}
},
@article{zuiderveld1994contrast,
	title={Contrast limited adaptive histogram equalization},
	author={Zuiderveld, Karel},
	journal={Graphics gems},
	pages={474--485},
	year={1994},
	publisher={Academic Press}
},
@online{app,
	author = {Syncano},
	title = {Configuring and Running Django + Celery in Docker Containers},
	date = {2016-10-25},
	url = {https://blog.syncano.io/configuring-running-django-celery-docker-containers-pt-1/},
},

@book{tech,
	author = {H. Chen and B. Bhanu},
	title = {Human ear detection from 3D side face range images},
	date = {2007},
}